<?xml version="1.0" encoding="UTF-8"?><record xmlns="http://www.loc.gov/MARC21/slim" xmlns:cinclude="http://apache.org/cocoon/include/1.0" xmlns:zs="http://www.loc.gov/zing/srw/">
  <leader>00384nz  a2200133n  4500</leader>
  <controlfield tag="001">no2006064147</controlfield>
  <controlfield tag="003">DLC</controlfield>
  <controlfield tag="005">20060622051800.0</controlfield>
  <controlfield tag="008">060621n| acannaabn          |n aaa     c</controlfield>
  <datafield tag="010" ind1=" " ind2=" ">
    <subfield code="a">no2006064147</subfield>
  </datafield>
  <datafield tag="035" ind1=" " ind2=" ">
    <subfield code="a">(OCoLC)oca06974340</subfield>
  </datafield>
  <datafield tag="040" ind1=" " ind2=" ">
    <subfield code="a">NcD</subfield>
    <subfield code="b">eng</subfield>
    <subfield code="c">NcD</subfield>
  </datafield>
  <datafield tag="100" ind1="1" ind2=" ">
    <subfield code="a">Caruso, Massimo</subfield>
  </datafield>
  <datafield tag="670" ind1=" " ind2=" ">
    <subfield code="a">Stock market fluctuations and money demand in Italy, 1913-2003, 2006:</subfield>
    <subfield code="b">t.p. (Massimo Caruso)</subfield>
  </datafield>
</record>